@article{Stamatatos2018,
annote = {doi: 10.1002/asi.23968},
author = {Stamatatos, Efstathios},
doi = {10.1002/asi.23968},
issn = {2330-1635},
journal = {Journal of the Association for Information Science and Technology},
month = {mar},
number = {3},
pages = {461--473},
publisher = {John Wiley {\&} Sons, Ltd},
title = {{Masking topic-related information to enhance authorship attribution}},
url = {https://doi.org/10.1002/asi.23968},
volume = {69},
year = {2018}
}
@article{Hirst2013,
author = {Hirst, Graeme and Feng, Vanessa Wei},
doi = {10.1093/llc/fqt021},
issn = {0268-1145},
journal = {Literary and Linguistic Computing},
month = {apr},
number = {2},
pages = {191--198},
title = {{Patterns of local discourse coherence as a feature for authorship attribution}},
url = {https://dx.doi.org/10.1093/llc/fqt021},
volume = {29},
year = {2013}
}
@article{Stamatatos2009,
annote = {doi: 10.1002/asi.21001},
author = {Stamatatos, Efstathios},
doi = {10.1002/asi.21001},
issn = {1532-2882},
journal = {Journal of the American Society for Information Science and Technology},
month = {mar},
number = {3},
pages = {538--556},
publisher = {John Wiley {\&} Sons, Ltd},
title = {{A survey of modern authorship attribution methods}},
url = {https://doi.org/10.1002/asi.21001},
volume = {60},
year = {2009}
}
@article{Argamon2007,
annote = {doi: 10.1002/asi.20553},
author = {Argamon, Shlomo and Whitelaw, Casey and Chase, Paul and Hota, Sobhan Raj and Garg, Navendu and Levitan, Shlomo},
doi = {10.1002/asi.20553},
issn = {1532-2882},
journal = {Journal of the American Society for Information Science and Technology},
month = {apr},
number = {6},
pages = {802--822},
publisher = {John Wiley {\&} Sons, Ltd},
title = {{Stylistic text classification using functional lexical features}},
url = {https://doi.org/10.1002/asi.20553},
volume = {58},
year = {2007}
}
@inproceedings{Hinh2016,
author = {Hinh, R and Shin, S and Taylor, J},
booktitle = {2016 IEEE International Conference on Systems, Man, and Cybernetics (SMC)},
doi = {10.1109/SMC.2016.7844873},
isbn = { VO  -},
keywords = {Conferences,Cybernetics,Feature extraction,Iron,Semantics,Syntactics,Writing,authorship attribution,bag-of-frames approach,frame semantics,information extraction,semantic frames,stylometric technique,stylometry,text analysis,text context analysis,writing styles},
pages = {4093--4098},
title = {{Using frame semantics in authorship attribution}},
year = {2016}
}
